@incollection{Bengio+chapter2007,
author = {Bengio, Yoshua and LeCun, Yann},
booktitle = {Large Scale Kernel Machines},
publisher = {MIT Press},
title = {Scaling Learning Algorithms Towards {AI}},
year = {2007}
}

@article{Hinton06,
author = {Hinton, Geoffrey E. and Osindero, Simon and Teh, Yee Whye},
journal = {Neural Computation},
pages = {1527--1554},
title = {A Fast Learning Algorithm for Deep Belief Nets},
volume = {18},
year = {2006}
}

@book{goodfellow2016deep,
title={Deep learning},
author={Goodfellow, Ian and Bengio, Yoshua and Courville, Aaron and Bengio, Yoshua},
volume={1},
year={2016},
publisher={MIT Press}
}

@article{li2024large,
title={Large-scale epidemiological analysis of common skin diseases to identify shared and unique comorbidities and demographic factors},
author={Q. Li and M. T. Patrick and S. Sreeskandarajan and J. Kang and J. M. Kahlenberg and J. E. Gudjonsson and Z. He and L. C. Tsoi},
journal={Frontiers in Immunology},
volume={14},
year={2024},
month={Jan.},
doi={10.3389/fimmu.2024.1344061}
}

@misc{cda2025skin,
title={Skin Conditions},
author={{Canadian Dermatology Association}},
howpublished={\url{https://dermatology.ca/public-patients/diseases-conditions/skin-conditions/}},
note={Accessed: Jun. 7, 2025},
year={2025}
}

@misc{cda2025melanoma,
title={Melanoma},
author={{Canadian Dermatology Association}},
howpublished={\url{https://dermatology.ca/public-patients/diseases-conditions/skin-cancer/melanoma/}},
note={Accessed: Jun. 7, 2025},
year={2025}
}

@misc{aad2025burden,
title={Burden of skin disease},
author={{American Academy of Dermatology}},
howpublished={\url{https://www.aad.org/member/clinical-quality/clinical-care/bsd}},
note={Accessed: Jun. 7, 2025},
year={2025}
}

@misc{huang2023image,
title={Image recognition with CNNs: improving accuracy and efficiency},
author={M. Huang},
howpublished={Medium},
year={2023},
month={Feb.},
note={Accessed: Jun. 7, 2025}
}

@article{liu2021development,
title={Development and assessment of an artificial intelligence–based tool for skin condition diagnosis by primary care physicians and nurse practitioners in teledermatology practices},
author={Y. Liu and others},
journal={JAMA Dermatology},
year={2021},
month={Apr.},
doi={10.1001/jamadermatol.2020.5217}
}

@article{esteva2017dermatologist,
title={Dermatologist-level classification of skin cancer with deep neural networks},
author={A. Esteva and B. Kuprel and R. Novoa and others},
journal={Nature},
volume={542},
pages={115--118},
year={2017},
doi={10.1038/nature21056}
}

@article{han2018classification,
title={Classification of the clinical images for benign and malignant cutaneous tumors using a deep learning algorithm},
author={S. S. Han and others},
journal={Journal of Investigative Dermatology},
volume={138},
number={7},
pages={1529--1538},
year={2018}
}

@article{radhika2025self,
title={Self-reliant residual network based deep learning framework for melanoma skin disease detection},
author={V. Radhika and A. Muthuchudar and M. Lingaraj},
journal={Journal of Theoretical and Applied Information Technology},
volume={103},
number={10},
year={2025},
month={May}
}

@article{bhadula2019machine,
title={Machine learning algorithms based skin disease detection},
author={S. Bhadula and S. Sharma and P. Juyal and C. Kulshrestha},
journal={International Journal of Innovative Technology and Exploring Engineering (IJITEE)},
volume={9},
number={2},
pages={4044--4049},
year={2019}
}

@article{kalpana2025enhancing,
title={Enhancing skin disease diagnosis: Light GBM-DMS algorithm for accurate image classification},
author={B. Kalpana and A. Senthilselvi and S. Muruganandam and S. V. Kumar},
journal={Cognitive Computation},
volume={17},
number={3},
pages={1--18},
year={2025}
}

@misc{aiderm2025,
title={AI-Dermatologist: Skin Scanner},
author={{AI-Derm}},
howpublished={\url{https://ai-derm.com/}},
note={Accessed: Jun. 8, 2025},
year={2025}
}

@misc{firstderm2025,
title={AI Dermatology and Teledermatology Services},
author={{First Derm}},
howpublished={\url{https://www.firstderm.com/ai-dermatology/}},
note={Accessed: Jun. 8, 2025},
year={2025}
}

@misc{dermascanai2025,
title={DermascanAI: AI Skin Analysis Tool},
author={{DermascanAI}},
howpublished={\url{https://dermascanai.com/\#analysis}},
note={Accessed: Jun. 8, 2025},
year={2025}
}

@article{vadivelraju2025dermascan,
title={Dermascan AI: Deep learning system for preliminary diagnosis of dermatological manifestations},
author={C. Vadivelraju and K. Elisheba and V. M. Bharath Kumar and P. Suraj and M. H. Reddy},
journal={International Journal of Creative Research Thoughts (IJCRT)},
volume={13},
number={5},
pages={406--413},
year={2025},
month={May}
}

@article{sangers2022validation,
title={Validation of a market-approved artificial intelligence mobile health app for skin cancer screening: A prospective multicenter diagnostic accuracy study},
author={T. Sangers and S. Reeder and S. van der Vet and S. Jhingoer and A. Mooyaart and D. M. Siegel and T. Nijsten and M. Wakkee},
journal={Dermatology},
volume={238},
number={4},
pages={649--656},
year={2022}
}

@article{ma2018machine,
title={Machine-readable metadata of biological sample data in the NCBI BioSample database},
author={A. Ma and Y. Zhang and B. Wang},
journal={Scientific Data},
volume={5},
pages={180161},
year={2018},
doi={10.1038/sdata.2018.161}
}

@misc{kastle2018skin,
title={Skin Cancer MNIST: HAM10000},
author={M. Kästle},
howpublished={Kaggle},
year={2018},
note={Dataset}
}

@article{combalia2019bcn20000,
title={BCN20000: Dermoscopic lesions in the wild},
author={M. Combalia and others},
journal={arXiv preprint arXiv:1908.02288},
year={2019},
month={Aug.},
doi={10.48550/arXiv.1908.02288}
}

@misc{isic2025bcn,
title={BCN20000: Dermoscopic lesions in the wild},
author={{International Skin Imaging Collaboration}},
howpublished={ISIC Archive},
note={Dataset},
year={2025}
}

@article{yilmaz2024derm12345,
title={DERM12345: A large, multisource dermatoscopic skin lesion dataset with 40 subclasses},
author={A. Yilmaz and others},
journal={Scientific Data},
volume={11},
pages={1302},
year={2024},
doi={10.1038/s41597-024-04104-3}
}

@article{rotemberg2021patient,
title={A patient-centric dataset of images and metadata for identifying melanomas using clinical context},
author={V. Rotemberg and others},
journal={Scientific Data},
volume={8},
number={34},
pages={1--15},
year={2021},
doi={10.1038/s41597-021-00815-z}
}

@article{sumithra2015segmentation,
title={Segmentation and classification of skin lesions for disease diagnosis},
author={R. Sumithra and M. Suhil and D. S. Guru},
journal={Procedia Computer Science},
volume={45},
pages={76--85},
year={2015},
doi={10.1016/j.procs.2015.03.090}
}

@article{hatem2022skin,
title={Skin lesion classification system using a K-nearest neighbor algorithm},
author={M. Q. Hatem},
journal={Visual Computing for Industry, Biomedicine, and Art},
volume={5},
number={7},
year={2022},
doi={10.1186/s42492-022-00103-6}
}

@article{bakheet2017svm,
title={An SVM framework for malignant melanoma detection based on optimized HOG features},
author={S. Bakheet},
journal={Computation},
volume={5},
number={1},
pages={4},
year={2017},
doi={10.3390/computation5010004}
}

@inproceedings{das2013svm,
title={An SVM based skin disease identification using local binary patterns},
author={N. Das and A. Pal and S. Mazumder and S. Sarkar and D. Gangopadhyay and M. Nasipuri},
booktitle={2013 Third International Conference on Advances in Computing and Communications},
pages={208--211},
year={2013},
address={Cochin, India},
doi={10.1109/ICACC.2013.48}
}

@misc{dermnet2025clinical,
title={Clinical images},
author={{DermNet New Zealand Trust}},
howpublished={\url{https://dermnetnz.org/cme/teledermatology-skin-cancer/clinical-images}},
year={2025}
}

@article{alipour2024skin,
title={Skin type diversity in skin lesion datasets: A review},
author={N. Alipour and T. Burke and J. Courtney},
journal={Current Dermatology Reports},
volume={13},
pages={198--210},
year={2024},
month={Aug.},
doi={10.1007/s13671-024-00440-0}
}

@inproceedings{daneshjou2022skincon,
title={SkinCon: A skin disease dataset densely annotated by domain experts for fine-grained debugging and analysis},
author={R. Daneshjou and M. Yuksekgonul and Z. R. Cai and R. Novoa and J. Y. Zou},
booktitle={Advances in Neural Information Processing Systems},
volume={35},
pages={18157--18167},
year={2022},
month={Dec.}
}

@article{daneshjou2022disparities,
title={Disparities in dermatology AI performance on a diverse, curated clinical image set},
author={R. Daneshjou and others},
journal={Science Advances},
volume={8},
number={32},
pages={abq6147},
year={2022},
month={Aug.},
doi={10.1126/sciadv.abq6147}
}