@incollection{Bengio+chapter2007,
author = {Bengio, Yoshua and LeCun, Yann},
booktitle = {Large Scale Kernel Machines},
publisher = {MIT Press},
title = {Scaling Learning Algorithms Towards {AI}},
year = {2007}
}

@article{Hinton06,
author = {Hinton, Geoffrey E. and Osindero, Simon and Teh, Yee Whye},
journal = {Neural Computation},
pages = {1527--1554},
title = {A Fast Learning Algorithm for Deep Belief Nets},
volume = {18},
year = {2006}
}

@book{goodfellow2016deep,
title={Deep learning},
author={Goodfellow, Ian and Bengio, Yoshua and Courville, Aaron and Bengio, Yoshua},
volume={1},
year={2016},
publisher={MIT Press}
}

@article{li2024epidemiological,
title={Large-scale epidemiological analysis of common skin diseases to identify shared and unique comorbidities and demographic factors},
author={Li, Q. and Patrick, M. T. and Sreeskandarajan, S. and Kang, J. and Kahlenberg, J. M. and Gudjonsson, J. E. and He, Z. and Tsoi, L. C.},
journal={Frontiers in Immunology},
volume={14},
year={2024},
month={January},
url={https://pmc.ncbi.nlm.nih.gov/articles/PMC10800546/}
}

@misc{canadian_dermatology_association,
title={Skin Conditions},
author={{Canadian Dermatology Association}},
url={https://dermatology.ca/public-patients/diseases-conditions/skin-conditions/},
note={Accessed: Jul. 9th, 2025}
}

@misc{american_academy_dermatology,
title={Burden of skin disease},
author={{American Academy of Dermatology}},
url={https://www.aad.org/member/clinical-quality/clinical-care/bsd},
note={Accessed: Jul. 9th, 2025}
}

@article{mcgill_melanoma,
title={Melanoma map shows skin cancer is on the rise in Canada},
author={{McGill Newsroom}},
journal={Health e-News (McGill University)},
year={2022},
month={June},
day={28},
url={https://healthenews.mcgill.ca/melanoma-map-shows-skin-cancer-is-on-the-rise-in-canada/},
note={Accessed: Jul. 9th, 2025}
}

@misc{isic_bcn20000,
title={ISIC Archive - Collection 249},
author={{International Skin Imaging Collaboration (ISIC)}},
year={2018},
url={https://api.isic-archive.com/collections/249/}
}

@misc{ham10000_dataset,
title={HAM10000 Dataset: A Large Collection of Multi-Source Dermatoscopic Images of Common Pigmented Skin Lesions},
author={Tschandl, P. and Rosendahl, C. and Kittler, H.},
year={2018},
publisher={Kaggle},
url={https://www.kaggle.com/datasets/kmader/skin-cancer-mnist-ham10000}
}

@misc{pad_ufes_dataset,
title={Skin Cancer Dataset},
author={Mahdavi, M.},
year={2022},
publisher={Kaggle},
url={https://www.kaggle.com/datasets/mahdavi1202/skin-cancer}
}

@article{kalpana2025enhancing,
title={Enhancing skin disease diagnosis: Light GBM-DMS algorithm for accurate image classification},
author={Kalpana, B. and Senthilselvi, A. and Muruganandam, S. and Kumar, S. V.},
journal={Cognitive Computation},
volume={17},
number={3},
pages={1--18},
year={2025}
}