@article{li2024epidemiological,
  title={Large-scale epidemiological analysis of common skin diseases to identify shared and unique comorbidities and demographic factors},
  author={Li, Q. and Patrick, M. T. and Sreeskandarajan, S. and Kang, J. and Kahlenberg, J. M. and Gudjonsson, J. E. and He, Z. and Tsoi, L. C.},
  journal={Frontiers in Immunology},
  volume={14},
  year={2024},
  month={January},
  url={https://pmc.ncbi.nlm.nih.gov/articles/PMC10800546/}
}

@misc{canadian_dermatology_association,
  title={Skin Conditions},
  author={{Canadian Dermatology Association}},
  url={https://dermatology.ca/public-patients/diseases-conditions/skin-conditions/},
  year={2025},
  note={Accessed: Jul. 9th, 2025}
}

@misc{american_academy_dermatology,
  title={Burden of skin disease},
  author={{American Academy of Dermatology}},
  url={https://www.aad.org/member/clinical-quality/clinical-care/bsd},
  year={2025},
  note={Accessed: Jul. 9th, 2025}
}

@article{melanoma_survival,
  title={The Current Epidemiology of Cutaneous Malignant Melanoma},
  author={Berwick, M. and Wiggins, C.},
  journal={Frontiers in Bioscience},
  volume={11},
  pages={1244--1254},
  year={2006},
  month={May},
  doi={10.2741/1877}
}

@article{esteva2017dermatologist,
  title={Dermatologist-level classification of skin cancer with deep neural networks},
  author={Esteva, A. and Kuprel, B. and Novoa, R. and Ko, J. and Swetter, S. M. and Blau, H. M. and Thrun, S.},
  journal={Nature},
  volume={542},
  pages={115--118},
  year={2017}
}

@article{han2018classification,
  title={Classification of the clinical images for benign and malignant cutaneous tumors using a deep learning algorithm},
  author={Han, S. S. and Kim, M. S. and Lim, W. and Park, G. H. and Park, I. and Chang, S. E.},
  journal={Journal of Investigative Dermatology},
  volume={138},
  number={7},
  pages={1529--1538},
  year={2018}
}

@article{radhika2025self,
  title={Self-reliant residual network based deep learning framework for melanoma skin disease detection},
  author={Radhika, V. and Muthuchudar, A. and Lingaraj, M.},
  journal={Journal of Theoretical and Applied Information Technology},
  volume={103},
  number={10},
  year={2025},
  month={May}
}

@article{bhadula2019machine,
  title={Machine learning algorithms based skin disease detection},
  author={Bhadula, S. and Sharma, S. and Juyal, P. and Kulshrestha, C.},
  journal={International Journal of Innovative Technology and Exploring Engineering},
  volume={9},
  number={2},
  pages={4044--4049},
  year={2019}
}

@article{kalpana2025enhancing,
  title={Enhancing skin disease diagnosis: Light GBM-DMS algorithm for accurate image classification},
  author={Kalpana, B. and Senthilselvi, A. and Muruganandam, S. and Kumar, S. V.},
  journal={Cognitive Computation},
  volume={17},
  number={3},
  pages={1--18},
  year={2025}
}

@article{vadivelraju2025dermascan,
  title={Dermascan AI: Deep learning system for preliminary diagnosis of dermatological manifestations},
  author={Vadivelraju, C. and Bhargavi, K. and Rajesh, P. and Srinivas, K. and Prasad, M. V. N. K.},
  journal={International Journal of Creative Research Thoughts},
  volume={13},
  number={5},
  pages={406--413},
  year={2025},
  month={May}
}

@article{sangers2022validation,
  title={Validation of a market-approved artificial intelligence mobile health app for skin cancer screening},
  author={Sangers, T. and Reeder, S. and van der Vet, S. and Jhingoer, S. and Mooyaart, A. and Siegel, D. and Nijsten, T.},
  journal={Dermatology},
  volume={238},
  number={4},
  pages={649--656},
  year={2022}
}

@article{winkler2023assessment,
  title={Assessment of Diagnostic Performance of Dermatologists Cooperating With a Convolutional Neural Network in a Prospective Clinical Study},
  author={Winkler, J. K. and Fink, C. and Toberer, F. and Enk, A. and Deinlein, T. and Hofmann-Wellenhof, R. and Thomas, L. and Lallas, A. and Blum, A. and Stolz, W. and Haenssle, H. A.},
  journal={JAMA Dermatology},
  volume={159},
  number={6},
  pages={621--621},
  year={2023},
  month={June},
  doi={https://doi.org/10.1001/jamadermatol.2023.0905}
}

@misc{dermnet_images,
  title={Clinical images},
  author={{DermNet New Zealand Trust}},
  url={https://dermnetnz.org/cme/teledermatology-skin-cancer/clinical-images},
  year={2025},
  howpublished={DermNetNZ.org}
}

@article{alipour2024skin,
  title={Skin type diversity in skin lesion datasets: A review},
  author={Alipour, N. and Burke, T. and Courtney, J.},
  journal={Current Dermatology Reports},
  volume={13},
  pages={198--210},
  year={2024},
  month={August},
  doi={10.1007/s13671-024-00440-0}
}

@article{daneshjou2022skincon,
  title={SkinCon: A skin disease dataset densely annotated by domain experts for fine-grained debugging and analysis},
  author={Daneshjou, R. and Yuksekgonul, M. and Cai, Z. R. and Novoa, R. and Zou, J. Y.},
  journal={Advances in Neural Information Processing Systems},
  volume={35},
  pages={18157--18167},
  year={2022},
  month={December}
}

@article{daneshjou2022disparities,
  title={Disparities in dermatology AI performance on a diverse, curated clinical image set},
  author={Daneshjou, R. and Vodrahalli, K. and Novoa, R. A. and Jenkins, M. and Liang, W. and Rotemberg, V. and Ko, J. and Swetter, S. M. and Bailey, E. E. and Gevaert, O. and Novoa, R. and Koh, H. K. and Zou, J.},
  journal={Science Advances},
  volume={8},
  number={32},
  pages={abq6147},
  year={2022},
  month={August},
  doi={10.1126/sciadv.abq6147}
}

@misc{ham10000_dataset,
  title={HAM10000 Dataset: A Large Collection of Multi-Source Dermatoscopic Images of Common Pigmented Skin Lesions},
  author={Tschandl, P. and Rosendahl, C. and Kittler, H.},
  year={2018},
  publisher={Kaggle},
  url={https://www.kaggle.com/datasets/kmader/skin-cancer-mnist-ham10000}
}

@misc{pad_ufes_dataset,
  title={Skin Cancer Dataset},
  author={Mahdavi, M.},
  year={2022},
  publisher={Kaggle},
  url={https://www.kaggle.com/datasets/mahdavi1202/skin-cancer}
}

@misc{isic_archive,
  title={The International Skin Imaging Collaboration: Melanoma Project},
  author={{International Skin Imaging Collaboration}},
  url={https://www.isic-archive.com/},
  year={2023}
}

@misc{derm12345_dataset,
  title={{DERM12345}: Dermatological Image Dataset from ISIC Archive},
  author={{International Skin Imaging Collaboration}},
  url={https://www.isic-archive.com/},
  year={2023},
  note={Dataset extracted from ISIC archive with 40 subclasses}
}

@misc{kastle2018skin,
  title={Skin Cancer MNIST: HAM10000},
  author={KÃ¤stle, M.},
  howpublished={Kaggle},
  year={2018},
  note={Dataset}
}

@misc{isic2025bcn,
  title={BCN20000: Dermoscopic lesions in the wild},
  author={{International Skin Imaging Collaboration}},
  howpublished={ISIC Archive},
  note={Dataset},
  year={2025}
}

@misc{isic_bcn20000,
  title={ISIC Archive - Collection 249},
  author={{International Skin Imaging Collaboration (ISIC)}},
  year={2018},
  url={https://api.isic-archive.com/collections/249/}
}

@article{yilmaz2024derm12345,
  title={DERM12345: A large, multisource dermatoscopic skin lesion dataset with 40 subclasses},
  author={Yilmaz, A. and others},
  journal={Scientific Data},
  volume={11},
  pages={1302},
  year={2024},
  doi={10.1038/s41597-024-04104-3}
}
